<?xml version='1.0' encoding='utf-8'?>
<record xmlns="http://www.loc.gov/MARC21/slim" xmlns:xsi="http://www.w3.org/2001/XMLSchema-instance">
  <leader>00000nas^a22003257a^4500</leader>
  <controlfield tag="001">003260890</controlfield>
  <controlfield tag="005">20060217115614.0</controlfield>
  <controlfield tag="008">980601d19832004miumx^pe^^^^^^0^^^a0eng^d</controlfield>
  <datafield tag="010" ind1=" " ind2=" ">
    <subfield code="a">sn 83007411</subfield>
  </datafield>
  <datafield tag="022" ind1="1" ind2=" ">
    <subfield code="a">0745-726X</subfield>
    <subfield code="y">0279-1846</subfield>
  </datafield>
  <datafield tag="032" ind1=" " ind2=" ">
    <subfield code="a">624900</subfield>
    <subfield code="b">USPS</subfield>
  </datafield>
  <datafield tag="035" ind1=" " ind2=" ">
    <subfield code="a">(OCoLC)ocm09400399</subfield>
  </datafield>
  <datafield tag="040" ind1=" " ind2=" ">
    <subfield code="a">NSD</subfield>
    <subfield code="c">NSD</subfield>
    <subfield code="d">BEU</subfield>
  </datafield>
  <datafield tag="042" ind1=" " ind2=" ">
    <subfield code="a">nsdp</subfield>
  </datafield>
  <datafield tag="222" ind1=" " ind2="0">
    <subfield code="a">Western Michigan Episcopalian</subfield>
  </datafield>
  <datafield tag="245" ind1="0" ind2="0">
    <subfield code="a">Western Michigan Episcopalian.</subfield>
  </datafield>
  <datafield tag="246" ind1="1" ind2="3">
    <subfield code="a">WME</subfield>
  </datafield>
  <datafield tag="260" ind1=" " ind2=" ">
    <subfield code="a">[Kalamazoo, MI :</subfield>
    <subfield code="b">Diocese of Western Michigan,</subfield>
  </datafield>
  <datafield tag="300" ind1=" " ind2=" ">
    <subfield code="a">22 v. :</subfield>
    <subfield code="b">ill. ;</subfield>
    <subfield code="c">38-43 cm.</subfield>
  </datafield>
  <datafield tag="310" ind1=" " ind2=" ">
    <subfield code="a">Nine no. a year</subfield>
  </datafield>
  <datafield tag="362" ind1="0" ind2=" ">
    <subfield code="a">Vol. 17, no. 1 (Jan. 1983)-v. 38, no. 2 (May 2004).</subfield>
  </datafield>
  <datafield tag="500" ind1=" " ind2=" ">
    <subfield code="a">Title from caption.</subfield>
  </datafield>
  <datafield tag="610" ind1="2" ind2="0">
    <subfield code="a">Episcopal Church</subfield>
    <subfield code="z">Michigan, Western.</subfield>
  </datafield>
  <datafield tag="651" ind1=" " ind2="0">
    <subfield code="a">Michigan, Western</subfield>
    <subfield code="x">Religion.</subfield>
  </datafield>
  <datafield tag="610" ind1="2" ind2="0">
    <subfield code="a">Episcopal Church.</subfield>
    <subfield code="b">Diocese of Western Michigan.</subfield>
  </datafield>
  <datafield tag="710" ind1="2" ind2=" ">
    <subfield code="a">Episcopal Church.</subfield>
    <subfield code="b">Diocese of Western Michigan.</subfield>
  </datafield>
  <datafield tag="780" ind1="0" ind2="0">
    <subfield code="t">Western Michigan churchman</subfield>
    <subfield code="x">0279-1846</subfield>
  </datafield>
  <datafield tag="785" ind1="0" ind2="0">
    <subfield code="t">Episcopal life. The vision</subfield>
  </datafield>
  <datafield tag="852" ind1="8" ind2=" ">
    <subfield code="a">MiU-H</subfield>
    <subfield code="b">BENT</subfield>
    <subfield code="h">2008012 Aa 2</subfield>
  </datafield>
  <datafield tag="998" ind1=" " ind2=" ">
    <subfield code="c">LAC</subfield>
  </datafield>
  <datafield tag="955" ind1=" " ind2=" ">
    <subfield code="b">BENT</subfield>
    <subfield code="p">B1263743</subfield>
  </datafield>
</record>
